@article{Baumgardner-1997-statistical-issues-medicine,
	Abstract = {Abstract This article highlights some basic principles of the design and use of statistical tests, using a minimum of mathematics or statistical jargon. It is not the intent to summarize all the possible details involved with performing these tests, but instead to offer insight into evaluating the statistical methods found in published articles. Historically, the number of scientific articles published in which inappropriate statistical analyses were performed is alarming. Only when the reader understands the problem and demands change will this situation improve. The consequence of inaction is to be mired with an array of poorly designed articles that, at the very least, do not advance the field of study and, at worse, may influence practitioners not well versed in statistics to expose patients to useless, unnecessary, or even harmful procedures.},
	Author = {Kirk R Baumgardner},
	Doi = {https://doi.org/10.1016/S1079-2104(97)90272-9},
	Issn = {1079-2104},
	Journal = {Oral Surgery, Oral Medicine, Oral Pathology, Oral Radiology, and Endodontology},
	Number = {5},
	Pages = {550 - 556},
	Title = {A review of key research design and statistical analysis issues},
	Volume = {84},
	Year = {1997},
	
@article{Kitchenham2002-GuideLinesESE,
	Annote = {- There needs to be a wider debate before the software engineering research community can develop and agree on definitive guidelines.},
	Author = {Kitchenham, Barbara A. and Pfleeger, Shari Lawrence and Pickard, Lesley M. and Jones, Peter W. and Hoaglin, David C. and El Emam, Khaled and Rosenberg, Jarrett},
	Journal = {IEEE Transactions on Software Engineering},
	Month = {August},
	Number = {8},
	Pages = {721--734},
	Title = {Preliminary Guidelines for Empirical Research in Software Engineering},
	Volume = {28},
	Year = {2002},
	Bdsk-File-1 = {YnBsaXN0MDDUAQIDBAUGJCVYJHZlcnNpb25YJG9iamVjdHNZJGFyY2hpdmVyVCR0b3ASAAGGoKgHCBMUFRYaIVUkbnVsbNMJCgsMDxJXTlMua2V5c1pOUy5vYmplY3RzViRjbGFzc6INDoACgAOiEBGABIAFgAdccmVsYXRpdmVQYXRoWWFsaWFzRGF0YV8QTC4uL01hdGVyaWFsQmlibGlvZ3JhZmljb1V0aWxpemFkby9QYXBlcnMvQW50ZXByb3llY3RvL0VTRUd1aWRlTGluZXNLaXRjaC5wZGbSFwsYGVdOUy5kYXRhTxECTAAAAAACTAACAAAMTWFjaW50b3NoIEhEAAAAAAAAAAAAAAAAAAAAAAAAAEJEAAH/////FkVTRUd1aWRlTGluZXNLaXRjaC5wZGYAAAAAAAAAAAAAAAAAAAAAAAAAAAAAAAAAAAAAAAAAAAAAAAAAAAAAAP////8AAAAAAAAAAAAAAAAAAQAEAAAKIGN1AAAAAAAAAAAAAAAAAAxBbnRlcHJveWVjdG8AAgCgLzpVc2Vyczpyb2RyaWZvbnNpOkRyb3Bib3g6RG9jdW1lbnRvczpFU1RVRElPUy1QT1NUR1JBRE86RFNTX1VQTTpwcm95ZWN0b1Rlc2lzOmZ1ZW50ZXM6TWF0ZXJpYWxCaWJsaW9ncmFmaWNvVXRpbGl6YWRvOlBhcGVyczpBbnRlcHJveWVjdG86RVNFR3VpZGVMaW5lc0tpdGNoLnBkZgAOAC4AFgBFAFMARQBHAHUAaQBkAGUATABpAG4AZQBzAEsAaQB0AGMAaAAuAHAAZABmAA8AGgAMAE0AYQBjAGkAbgB0AG8AcwBoACAASABEABIAnlVzZXJzL3JvZHJpZm9uc2kvRHJvcGJveC9Eb2N1bWVudG9zL0VTVFVESU9TLVBPU1RHUkFETy9EU1NfVVBNL3Byb3llY3RvVGVzaXMvZnVlbnRlcy9NYXRlcmlhbEJpYmxpb2dyYWZpY29VdGlsaXphZG8vUGFwZXJzL0FudGVwcm95ZWN0by9FU0VHdWlkZUxpbmVzS2l0Y2gucGRmABMAAS8AABUAAgAR//8AAIAG0hscHR5aJGNsYXNzbmFtZVgkY2xhc3Nlc11OU011dGFibGVEYXRhox0fIFZOU0RhdGFYTlNPYmplY3TSGxwiI1xOU0RpY3Rpb25hcnmiIiBfEA9OU0tleWVkQXJjaGl2ZXLRJidUcm9vdIABAAgAEQAaACMALQAyADcAQABGAE0AVQBgAGcAagBsAG4AcQBzAHUAdwCEAI4A3QDiAOoDOgM8A0EDTANVA2MDZwNuA3cDfAOJA4wDngOhA6YAAAAAAAACAQAAAAAAAAAoAAAAAAAAAAAAAAAAAAADqA==}}
	
@inproceedings{Reyes-2018-Statistical-Errors-in-SE,
	Author = {Reyes Ch., Rolando P. and Fonseca C., Efra{\'\i}n R. and Dieste, Oscar and Juristo, Natalia},
	Booktitle = {International Conference on Software Engineering},
	Title = {Statistical Errors in Software Engineering Experiments: A Preliminary Literature Review},
	Year = {2018},
	Bdsk-File-1 = {YnBsaXN0MDDUAQIDBAUGJCVYJHZlcnNpb25YJG9iamVjdHNZJGFyY2hpdmVyVCR0b3ASAAGGoKgHCBMUFRYaIVUkbnVsbNMJCgsMDxJXTlMua2V5c1pOUy5vYmplY3RzViRjbGFzc6INDoACgAOiEBGABIAFgAdccmVsYXRpdmVQYXRoWWFsaWFzRGF0YV8QZy4uLy4uLy4uLy4uLy4uLy4uL0FwbGljYWNpb25lcy9UZXhwYWQvQXJ0aWN1bG9zL1JvbGFuZG8tUmV5ZXMvSUNTRS0yMDE4LU1BSU4vaWNzZTIwMTgtcm9sYW5kby9wYXBlci5wZGbSFwsYGVdOUy5kYXRhTxEB1gAAAAAB1gACAAAMTWFjaW50b3NoIEhEAAAAAAAAAAAAAAAAAAAAAAAAAEJEAAH/////CXBhcGVyLnBkZgAAAAAAAAAAAAAAAAAAAAAAAAAAAAAAAAAAAAAAAAAAAAAAAAAAAAAAAAAAAAAAAAAAAAAAAP////8AAAAAAAAAAAAAAAAABgAHAAAKIGN1AAAAAAAAAAAAAAAAABBpY3NlMjAxOC1yb2xhbmRvAAIAcC86VXNlcnM6cm9kcmlmb25zaTpEcm9wYm94OkFwbGljYWNpb25lczpUZXhwYWQ6QXJ0aWN1bG9zOlJvbGFuZG8tUmV5ZXM6SUNTRS0yMDE4LU1BSU46aWNzZTIwMTgtcm9sYW5kbzpwYXBlci5wZGYADgAUAAkAcABhAHAAZQByAC4AcABkAGYADwAaAAwATQBhAGMAaQBuAHQAbwBzAGgAIABIAEQAEgBuVXNlcnMvcm9kcmlmb25zaS9Ecm9wYm94L0FwbGljYWNpb25lcy9UZXhwYWQvQXJ0aWN1bG9zL1JvbGFuZG8tUmV5ZXMvSUNTRS0yMDE4LU1BSU4vaWNzZTIwMTgtcm9sYW5kby9wYXBlci5wZGYAEwABLwAAFQACABH//wAAgAbSGxwdHlokY2xhc3NuYW1lWCRjbGFzc2VzXU5TTXV0YWJsZURhdGGjHR8gVk5TRGF0YVhOU09iamVjdNIbHCIjXE5TRGljdGlvbmFyeaIiIF8QD05TS2V5ZWRBcmNoaXZlctEmJ1Ryb290gAEACAARABoAIwAtADIANwBAAEYATQBVAGAAZwBqAGwAbgBxAHMAdQB3AIQAjgD4AP0BBQLfAuEC5gLxAvoDCAMMAxMDHAMhAy4DMQNDA0YDSwAAAAAAAAIBAAAAAAAAACgAAAAAAAAAAAAAAAAAAANN}}
	
@article{Jorgensen-2016-Incorrects-Results-SEE,
	Abstract = {Abstract The trustworthiness of research results is a growing concern in many empirical disciplines. The goals of this paper are to assess how much the trustworthiness of results reported in software engineering experiments is affected by researcher and publication bias, given typical statistical power and significance levels, and to suggest improved research practices. First, we conducted a small-scale survey to document the presence of researcher and publication biases in software engineering experiments. Then, we built a model that estimates the proportion of correct results for different levels of researcher and publication bias. A review of 150 randomly selected software engineering experiments published in the period 2002{\^a}Äì2013 was conducted to provide input to the model. The survey indicates that researcher and publication bias is quite common. This finding is supported by the observation that the actual proportion of statistically significant results reported in the reviewed papers was about twice as high as the one expected assuming no researcher and publication bias. Our models suggest a high proportion of incorrect results even with quite conservative assumptions. Research practices must improve to increase the trustworthiness of software engineering experiments. A key to this improvement is to avoid conducting studies with unsatisfactory low statistical power.},
	Author = {Magne J√∏rgensen and Tore Dyb√ and Knut Liest√∏l and Dag I.K. Sj√∏berg},
	Issn = {0164-1212},
	Journal = {Journal of Systems and Software},
	Keywords = {Controlled experiments, Empirical software engineering, Statistical hypothesis testing},
	Number = {Supplement C},
	Pages = {133 - 145},
	Title = {Incorrect results in software engineering experiments: How to improve research practices},
	Volume = {116},
	Year = {2016},
	Bdsk-File-1 = {YnBsaXN0MDDUAQIDBAUGJCVYJHZlcnNpb25YJG9iamVjdHNZJGFyY2hpdmVyVCR0b3ASAAGGoKgHCBMUFRYaIVUkbnVsbNMJCgsMDxJXTlMua2V5c1pOUy5vYmplY3RzViRjbGFzc6INDoACgAOiEBGABIAFgAdccmVsYXRpdmVQYXRoWWFsaWFzRGF0YV8QjS4uLy4uLy4uLy4uLy4uLy4uL0FwbGljYWNpb25lcy9UZXhwYWQvQXJ0aWN1bG9zL0V4cGVyaW1lbnRhbC1Qcm9jZXNzLUVTRS9MaXRlcmF0dXJlL0JhY2tncm91bmQtRVNFLVByb2JsZW1zLzEtczIuMC1TMDE2NDEyMTIxNTAwMDY3OS1tYWluLnBkZtIXCxgZV05TLmRhdGFPEQJaAAAAAAJaAAIAAAxNYWNpbnRvc2ggSEQAAAAAAAAAAAAAAAAAAAAAAAAAQkQAAf////8fMS1zMi4wLVMwMTY0MTIxMjE1I0ZGRkZGRkZGLnBkZgAAAAAAAAAAAAAAAAAAAAAAAAAAAAAAAAAAAAAAAAAA/////wAAAAAAAAAAAAAAAAAGAAcAAAogY3UAAAAAAAAAAAAAAAAAF0JhY2tncm91bmQtRVNFLVByb2JsZW1zAAACAJYvOlVzZXJzOnJvZHJpZm9uc2k6RHJvcGJveDpBcGxpY2FjaW9uZXM6VGV4cGFkOkFydGljdWxvczpFeHBlcmltZW50YWwtUHJvY2Vzcy1FU0U6TGl0ZXJhdHVyZTpCYWNrZ3JvdW5kLUVTRS1Qcm9ibGVtczoxLXMyLjAtUzAxNjQxMjEyMTUwMDA2NzktbWFpbi5wZGYADgBEACEAMQAtAHMAMgAuADAALQBTADAAMQA2ADQAMQAyADEAMgAxADUAMAAwADAANgA3ADkALQBtAGEAaQBuAC4AcABkAGYADwAaAAwATQBhAGMAaQBuAHQAbwBzAGgAIABIAEQAEgCUVXNlcnMvcm9kcmlmb25zaS9Ecm9wYm94L0FwbGljYWNpb25lcy9UZXhwYWQvQXJ0aWN1bG9zL0V4cGVyaW1lbnRhbC1Qcm9jZXNzLUVTRS9MaXRlcmF0dXJlL0JhY2tncm91bmQtRVNFLVByb2JsZW1zLzEtczIuMC1TMDE2NDEyMTIxNTAwMDY3OS1tYWluLnBkZgATAAEvAAAVAAIAEf//AACABtIbHB0eWiRjbGFzc25hbWVYJGNsYXNzZXNdTlNNdXRhYmxlRGF0YaMdHyBWTlNEYXRhWE5TT2JqZWN00hscIiNcTlNEaWN0aW9uYXJ5oiIgXxAPTlNLZXllZEFyY2hpdmVy0SYnVHJvb3SAAQAIABEAGgAjAC0AMgA3AEAARgBNAFUAYABnAGoAbABuAHEAcwB1AHcAhACOAR4BIwErA4kDiwOQA5sDpAOyA7YDvQPGA8sD2APbA+0D8AP1AAAAAAAAAgEAAAAAAAAAKAAAAAAAAAAAAAAAAAAAA/c=}}
	
@proceedings{mian-200-computarized-infraestructure,
	Address = {Uberlandia, Brasil},
	Author = {Mian, Paula G. and Travassos, Guilherme H. and Da Rocha, Ana},
	Journal = {2nd Experimental Software Engineering Latin American Workshop - ESELAW 2005},
	Title = {A Computerized Infrastructure for Supporting Experimentation in Software Engineering},
	Year = {2005},
	Bdsk-File-1 = {YnBsaXN0MDDUAQIDBAUGJCVYJHZlcnNpb25YJG9iamVjdHNZJGFyY2hpdmVyVCR0b3ASAAGGoKgHCBMUFRYaIVUkbnVsbNMJCgsMDxJXTlMua2V5c1pOUy5vYmplY3RzViRjbGFzc6INDoACgAOiEBGABIAFgAdccmVsYXRpdmVQYXRoWWFsaWFzRGF0YV8QJy4uL0VzdGFkby1DdWVzdGlvbi9yZXBvc2l0b3Jpb3MvMDA4LnBkZtIXCxgZV05TLmRhdGFPEQHmAAAAAAHmAAIAAAxNYWNpbnRvc2ggSEQAAAAAAAAAAAAAAAAAAAAAAAAAQkQAAf////8HMDA4LnBkZgAAAAAAAAAAAAAAAAAAAAAAAAAAAAAAAAAAAAAAAAAAAAAAAAAAAAAAAAAAAAAAAAAAAAAAAAAA/////wAAAAAAAAAAAAAAAAABAAMAAAogY3UAAAAAAAAAAAAAAAAADHJlcG9zaXRvcmlvcwACAHsvOlVzZXJzOnJvZHJpZm9uc2k6RHJvcGJveDpEb2N1bWVudG9zOkVTVFVESU9TLVBPU1RHUkFETzpEU1NfVVBNOnByb3llY3RvVGVzaXM6ZnVlbnRlczpFc3RhZG8tQ3Vlc3Rpb246cmVwb3NpdG9yaW9zOjAwOC5wZGYAAA4AEAAHADAAMAA4AC4AcABkAGYADwAaAAwATQBhAGMAaQBuAHQAbwBzAGgAIABIAEQAEgB5VXNlcnMvcm9kcmlmb25zaS9Ecm9wYm94L0RvY3VtZW50b3MvRVNUVURJT1MtUE9TVEdSQURPL0RTU19VUE0vcHJveWVjdG9UZXNpcy9mdWVudGVzL0VzdGFkby1DdWVzdGlvbi9yZXBvc2l0b3Jpb3MvMDA4LnBkZgAAEwABLwAAFQACABH//wAAgAbSGxwdHlokY2xhc3NuYW1lWCRjbGFzc2VzXU5TTXV0YWJsZURhdGGjHR8gVk5TRGF0YVhOU09iamVjdNIbHCIjXE5TRGljdGlvbmFyeaIiIF8QD05TS2V5ZWRBcmNoaXZlctEmJ1Ryb290gAEACAARABoAIwAtADIANwBAAEYATQBVAGAAZwBqAGwAbgBxAHMAdQB3AIQAjgC4AL0AxQKvArECtgLBAsoC2ALcAuMC7ALxAv4DAQMTAxYDGwAAAAAAAAIBAAAAAAAAACgAAAAAAAAAAAAAAAAAAAMd}}
	
@article{Sjoberg2005-surveyexperimentsESE,
	Author = {Sj{\o}berg, Dag I.K. and Han Hannay, Jo E. and Hansen, Ove and Kampenes, Vigdis By and Karahasanovic, Amela and Liborg, Nils-Kristian and Rekdal, Anette C.},
	Journal = {IEEE Transactions on Software Engineering},
	Keywords = {Controlled experiments, survey, research methodology, empirical software engineering.},
	Month = {September},
	Number = {9},
	Pages = {733 - 753},
	Title = {A Survey of Controlled Experiments in Software Engineering},
	Volume = {31},
	Year = {2005},
	Bdsk-File-1 = {YnBsaXN0MDDUAQIDBAUGJCVYJHZlcnNpb25YJG9iamVjdHNZJGFyY2hpdmVyVCR0b3ASAAGGoKgHCBMUFRYaIVUkbnVsbNMJCgsMDxJXTlMua2V5c1pOUy5vYmplY3RzViRjbGFzc6INDoACgAOiEBGABIAFgAdccmVsYXRpdmVQYXRoWWFsaWFzRGF0YV8QVC4uL01hdGVyaWFsQmlibGlvZ3JhZmljb1V0aWxpemFkby9QYXBlcnMvQW50ZXByb3llY3RvL1N1cnZlckV4cGVyaW1lbnRzMTk5Ny0yMDAyLnBkZtIXCxgZV05TLmRhdGFPEQJsAAAAAAJsAAIAAAxNYWNpbnRvc2ggSEQAAAAAAAAAAAAAAAAAAAAAAAAAQkQAAf////8eU3VydmVyRXhwZXJpbWVudHMxOTk3LTIwMDIucGRmAAAAAAAAAAAAAAAAAAAAAAAAAAAAAAAAAAAAAAAAAAAA/////wAAAAAAAAAAAAAAAAABAAQAAAogY3UAAAAAAAAAAAAAAAAADEFudGVwcm95ZWN0bwACAKgvOlVzZXJzOnJvZHJpZm9uc2k6RHJvcGJveDpEb2N1bWVudG9zOkVTVFVESU9TLVBPU1RHUkFETzpEU1NfVVBNOnByb3llY3RvVGVzaXM6ZnVlbnRlczpNYXRlcmlhbEJpYmxpb2dyYWZpY29VdGlsaXphZG86UGFwZXJzOkFudGVwcm95ZWN0bzpTdXJ2ZXJFeHBlcmltZW50czE5OTctMjAwMi5wZGYADgA+AB4AUwB1AHIAdgBlAHIARQB4AHAAZQByAGkAbQBlAG4AdABzADEAOQA5ADcALQAyADAAMAAyAC4AcABkAGYADwAaAAwATQBhAGMAaQBuAHQAbwBzAGgAIABIAEQAEgCmVXNlcnMvcm9kcmlmb25zaS9Ecm9wYm94L0RvY3VtZW50b3MvRVNUVURJT1MtUE9TVEdSQURPL0RTU19VUE0vcHJveWVjdG9UZXNpcy9mdWVudGVzL01hdGVyaWFsQmlibGlvZ3JhZmljb1V0aWxpemFkby9QYXBlcnMvQW50ZXByb3llY3RvL1N1cnZlckV4cGVyaW1lbnRzMTk5Ny0yMDAyLnBkZgATAAEvAAAVAAIAEf//AACABtIbHB0eWiRjbGFzc25hbWVYJGNsYXNzZXNdTlNNdXRhYmxlRGF0YaMdHyBWTlNEYXRhWE5TT2JqZWN00hscIiNcTlNEaWN0aW9uYXJ5oiIgXxAPTlNLZXllZEFyY2hpdmVy0SYnVHJvb3SAAQAIABEAGgAjAC0AMgA3AEAARgBNAFUAYABnAGoAbABuAHEAcwB1AHcAhACOAOUA6gDyA2IDZANpA3QDfQOLA48DlgOfA6QDsQO0A8YDyQPOAAAAAAAAAgEAAAAAAAAAKAAAAAAAAAAAAAAAAAAAA9A=}}
	
@article{Zendler2001,
	Address = {Hingham, MA, USA},
	Author = {Zendler, Andreas},
	Doi = {10.1023/A:1011489321999},
	Issn = {1382-3256},
	Journal = {Empirical Software Engineering},
	Keywords = {Experimental software engineering, theory of software engineering},
	Month = {June},
	Number = {2},
	Pages = {161--180},
	Publisher = {Kluwer Academic Publishers},
	Title = {A Preliminary Software Engineering Theory as Investigated by Published Experiments},
	Volume = {6},
	Year = {2001},
	Bdsk-File-1 = {YnBsaXN0MDDUAQIDBAUGJCVYJHZlcnNpb25YJG9iamVjdHNZJGFyY2hpdmVyVCR0b3ASAAGGoKgHCBMUFRYaIVUkbnVsbNMJCgsMDxJXTlMua2V5c1pOUy5vYmplY3RzViRjbGFzc6INDoACgAOiEBGABIAFgAdccmVsYXRpdmVQYXRoWWFsaWFzRGF0YV8Qdi4uL01hdGVyaWFsQmlibGlvZ3JhZmljb1V0aWxpemFkby9QYXBlcnMvQW50ZXByb3llY3RvL0EgUHJlbGltaW5hcnkgU29mdHdhcmUgRW5naW5lZXJpbmcgVGhlb3J5IGFzIEludmVzdGlnYXRlZCBieS5wZGbSFwsYGVdOUy5kYXRhTxEC9AAAAAAC9AACAAAMTWFjaW50b3NoIEhEAAAAAAAAAAAAAAAAAAAAAAAAAEJEAAH/////H0EgUHJlbGltaW5hcnkgU29mdCNGRkZGRkZGRi5wZGYAAAAAAAAAAAAAAAAAAAAAAAAAAAAAAAAAAAAAAAAAAP////8AAAAAAAAAAAAAAAAAAQAEAAAKIGN1AAAAAAAAAAAAAAAAAAxBbnRlcHJveWVjdG8AAgDKLzpVc2Vyczpyb2RyaWZvbnNpOkRyb3Bib3g6RG9jdW1lbnRvczpFU1RVRElPUy1QT1NUR1JBRE86RFNTX1VQTTpwcm95ZWN0b1Rlc2lzOmZ1ZW50ZXM6TWF0ZXJpYWxCaWJsaW9ncmFmaWNvVXRpbGl6YWRvOlBhcGVyczpBbnRlcHJveWVjdG86QSBQcmVsaW1pbmFyeSBTb2Z0d2FyZSBFbmdpbmVlcmluZyBUaGVvcnkgYXMgSW52ZXN0aWdhdGVkIGJ5LnBkZgAOAIIAQABBACAAUAByAGUAbABpAG0AaQBuAGEAcgB5ACAAUwBvAGYAdAB3AGEAcgBlACAARQBuAGcAaQBuAGUAZQByAGkAbgBnACAAVABoAGUAbwByAHkAIABhAHMAIABJAG4AdgBlAHMAdABpAGcAYQB0AGUAZAAgAGIAeQAuAHAAZABmAA8AGgAMAE0AYQBjAGkAbgB0AG8AcwBoACAASABEABIAyFVzZXJzL3JvZHJpZm9uc2kvRHJvcGJveC9Eb2N1bWVudG9zL0VTVFVESU9TLVBPU1RHUkFETy9EU1NfVVBNL3Byb3llY3RvVGVzaXMvZnVlbnRlcy9NYXRlcmlhbEJpYmxpb2dyYWZpY29VdGlsaXphZG8vUGFwZXJzL0FudGVwcm95ZWN0by9BIFByZWxpbWluYXJ5IFNvZnR3YXJlIEVuZ2luZWVyaW5nIFRoZW9yeSBhcyBJbnZlc3RpZ2F0ZWQgYnkucGRmABMAAS8AABUAAgAR//8AAIAG0hscHR5aJGNsYXNzbmFtZVgkY2xhc3Nlc11OU011dGFibGVEYXRhox0fIFZOU0RhdGFYTlNPYmplY3TSGxwiI1xOU0RpY3Rpb25hcnmiIiBfEA9OU0tleWVkQXJjaGl2ZXLRJidUcm9vdIABAAgAEQAaACMALQAyADcAQABGAE0AVQBgAGcAagBsAG4AcQBzAHUAdwCEAI4BBwEMARQEDAQOBBMEHgQnBDUEOQRABEkETgRbBF4EcARzBHgAAAAAAAACAQAAAAAAAAAoAAAAAAAAAAAAAAAAAAAEeg==}}
	
@inproceedings{Dieste2011-CompAnalMetaWhenWich,
	Abstract = {Background: Several meta-analysis methods can be used to quantitatively combine the results of a group of experiments, including the weighted mean difference, statistical vote counting, the parametric response ratio and the non-parametric response ratio. The software engineering community has focused on the weighted mean difference method. However, other meta-analysis methods have distinct strengths, such as being able to be used when variances are not reported. There are as yet no guidelines to indicate which method is best for use in each case Aim: Compile a set of rules that SE researchers can use to ascertain which aggregration method is best for use in the synthesis phase of a systematic review. Method: Monte Carlo simulation varying the number of experiments in the meta-analyses, the number of subjects that they include, their variance and effect size. We empirically calculated the reliability and statistical power in each case Results: WMD is generally reliable if the variance is low, whereas its power depends on the effect size and number of subjects per meta-analysis; the reliability of RR is generally unaffected by changes in variance, but it does require more subjects than WMD to be powerful; NPRR is the most reliable method, but it is not very powerful; SVC behaves well when the effect size is moderate, but is less reliable with other effect sizes. Detailed tables of results are annexed. Conclusions: Before undertaking statistical aggregation in software engineering, it is worthwhile checking whether there is any appreciable difference in the reliability and power of the methods. If there is, software engineers should select the method that optimizes both parameters.},
	Author = {Dieste, Oscar and Fernandez, Enrique and Martinez, Ramon Garcia and Juristo, Natalia},
	Booktitle = {15th Annual Conference on Evaluation and Assessment in Software Engineering (EASE 2011)},
	Doi = {10.1049/ic.2011.0005},
	Keywords = {Meta-analysis, reliability, statistical power, effect size, weighted mean difference (WMD), response ratio (RR), vote counting.},
	Month = {April},
	Number = {1},
	Pages = {36--45},
	Title = {Comparative analysis of meta-analysis methods: When to use which?},
	Volume = {15},
	Year = {2011},
	Bdsk-File-1 = {YnBsaXN0MDDUAQIDBAUGJCVYJHZlcnNpb25YJG9iamVjdHNZJGFyY2hpdmVyVCR0b3ASAAGGoKgHCBMUFRYaIVUkbnVsbNMJCgsMDxJXTlMua2V5c1pOUy5vYmplY3RzViRjbGFzc6INDoACgAOiEBGABIAFgAdccmVsYXRpdmVQYXRoWWFsaWFzRGF0YV8QWS4uL01hdGVyaWFsQmlibGlvZ3JhZmljb1V0aWxpemFkby9QYXBlcnMvQW50ZXByb3llY3RvL0NvbXBhcmF0aXZlQW5hbE1ldGEtRGllc3RlLTIwMTAucGRm0hcLGBlXTlMuZGF0YU8RAoIAAAAAAoIAAgAADE1hY2ludG9zaCBIRAAAAAAAAAAAAAAAAAAAAAAAAABCRAAB/////x9Db21wYXJhdGl2ZUFuYWxNZXQjRkZGRkZGRkYucGRmAAAAAAAAAAAAAAAAAAAAAAAAAAAAAAAAAAAAAAAAAAD/////AAAAAAAAAAAAAAAAAAEABAAACiBjdQAAAAAAAAAAAAAAAAAMQW50ZXByb3llY3RvAAIArS86VXNlcnM6cm9kcmlmb25zaTpEcm9wYm94OkRvY3VtZW50b3M6RVNUVURJT1MtUE9TVEdSQURPOkRTU19VUE06cHJveWVjdG9UZXNpczpmdWVudGVzOk1hdGVyaWFsQmlibGlvZ3JhZmljb1V0aWxpemFkbzpQYXBlcnM6QW50ZXByb3llY3RvOkNvbXBhcmF0aXZlQW5hbE1ldGEtRGllc3RlLTIwMTAucGRmAAAOAEgAIwBDAG8AbQBwAGEAcgBhAHQAaQB2AGUAQQBuAGEAbABNAGUAdABhAC0ARABpAGUAcwB0AGUALQAyADAAMQAwAC4AcABkAGYADwAaAAwATQBhAGMAaQBuAHQAbwBzAGgAIABIAEQAEgCrVXNlcnMvcm9kcmlmb25zaS9Ecm9wYm94L0RvY3VtZW50b3MvRVNUVURJT1MtUE9TVEdSQURPL0RTU19VUE0vcHJveWVjdG9UZXNpcy9mdWVudGVzL01hdGVyaWFsQmlibGlvZ3JhZmljb1V0aWxpemFkby9QYXBlcnMvQW50ZXByb3llY3RvL0NvbXBhcmF0aXZlQW5hbE1ldGEtRGllc3RlLTIwMTAucGRmAAATAAEvAAAVAAIAEf//AACABtIbHB0eWiRjbGFzc25hbWVYJGNsYXNzZXNdTlNNdXRhYmxlRGF0YaMdHyBWTlNEYXRhWE5TT2JqZWN00hscIiNcTlNEaWN0aW9uYXJ5oiIgXxAPTlNLZXllZEFyY2hpdmVy0SYnVHJvb3SAAQAIABEAGgAjAC0AMgA3AEAARgBNAFUAYABnAGoAbABuAHEAcwB1AHcAhACOAOoA7wD3A30DfwOEA48DmAOmA6oDsQO6A78DzAPPA+ED5APpAAAAAAAAAgEAAAAAAAAAKAAAAAAAAAAAAAAAAAAAA+s=}}
	
@article{da-silva-2012-replication-on-empirical-studies,
	Author = {Silva, Fabio Q.B. and Suassuna, Marcos and Fran{\c c}a, A. C{\'e}sar C. and Grubb, Alicia M. and Gouveia, Tatiana B. and Monteiro, Cleviton V. F. and Santos, Igor Ebrahim},
	Journal = {Empirical Software Engineering},
	Keywords = {Replications; Experiments; Empirical studies; Mapping study; Systematic literature review; Software engineering},
	Pages = {1-57},
	Title = {Replication of empirical studies in software engineering research: a systematic mapping study},
	Year = {2012},
	Bdsk-File-1 = {YnBsaXN0MDDUAQIDBAUGJCVYJHZlcnNpb25YJG9iamVjdHNZJGFyY2hpdmVyVCR0b3ASAAGGoKgHCBMUFRYaIVUkbnVsbNMJCgsMDxJXTlMua2V5c1pOUy5vYmplY3RzViRjbGFzc6INDoACgAOiEBGABIAFgAdccmVsYXRpdmVQYXRoWWFsaWFzRGF0YV8QWC4uL01hdGVyaWFsQmlibGlvZ3JhZmljb1V0aWxpemFkby9QYXBlcnMvQ2FwaXR1bG8xL2RhLXNpbHZhLS1yZXBsaWMtZW1wLXNlLW1hcC1zdHVkeS5wZGbSFwsYGVdOUy5kYXRhTxECgAAAAAACgAACAAAMTWFjaW50b3NoIEhEAAAAAAAAAAAAAAAAAAAAAAAAAEJEAAH/////H2RhLXNpbHZhLS1yZXBsaWMtZSNGRkZGRkZGRi5wZGYAAAAAAAAAAAAAAAAAAAAAAAAAAAAAAAAAAAAAAAAAAP////8AAAAAUERGIENBUk8AAQAEAAAKIGN1AAAAAAAAAAAAAAAAAAlDYXBpdHVsbzEAAAIArC86VXNlcnM6cm9kcmlmb25zaTpEcm9wYm94OkRvY3VtZW50b3M6RVNUVURJT1MtUE9TVEdSQURPOkRTU19VUE06cHJveWVjdG9UZXNpczpmdWVudGVzOk1hdGVyaWFsQmlibGlvZ3JhZmljb1V0aWxpemFkbzpQYXBlcnM6Q2FwaXR1bG8xOmRhLXNpbHZhLS1yZXBsaWMtZW1wLXNlLW1hcC1zdHVkeS5wZGYADgBMACUAZABhAC0AcwBpAGwAdgBhAC0ALQByAGUAcABsAGkAYwAtAGUAbQBwAC0AcwBlAC0AbQBhAHAALQBzAHQAdQBkAHkALgBwAGQAZgAPABoADABNAGEAYwBpAG4AdABvAHMAaAAgAEgARAASAKpVc2Vycy9yb2RyaWZvbnNpL0Ryb3Bib3gvRG9jdW1lbnRvcy9FU1RVRElPUy1QT1NUR1JBRE8vRFNTX1VQTS9wcm95ZWN0b1Rlc2lzL2Z1ZW50ZXMvTWF0ZXJpYWxCaWJsaW9ncmFmaWNvVXRpbGl6YWRvL1BhcGVycy9DYXBpdHVsbzEvZGEtc2lsdmEtLXJlcGxpYy1lbXAtc2UtbWFwLXN0dWR5LnBkZgATAAEvAAAVAAIAEf//AACABtIbHB0eWiRjbGFzc25hbWVYJGNsYXNzZXNdTlNNdXRhYmxlRGF0YaMdHyBWTlNEYXRhWE5TT2JqZWN00hscIiNcTlNEaWN0aW9uYXJ5oiIgXxAPTlNLZXllZEFyY2hpdmVy0SYnVHJvb3SAAQAIABEAGgAjAC0AMgA3AEAARgBNAFUAYABnAGoAbABuAHEAcwB1AHcAhACOAOkA7gD2A3oDfAOBA4wDlQOjA6cDrgO3A7wDyQPMA94D4QPmAAAAAAAAAgEAAAAAAAAAKAAAAAAAAAAAAAAAAAAAA+g=}}
	
@article{Demagalhaes-2015-SMS-Replications,
title 		= 	{Investigations about replication of empirical studies in software engineering: A systematic mapping study},
journal 	=	{Information and Software Technology},
volume		=	{64},
pages		=	{76 - 101},
year		=	{2015},
issn		=	{0950-5849},
doi			=	{https://doi.org/10.1016/j.infsof.2015.02.001},
url			=	{http://www.sciencedirect.com/science/article/pii/S0950584915000300},
author		=	{Cleyton V.C. de Magalh√£es and Fabio Q.B. da Silva and Ronnie E.S. Santos and Marcos Suassuna},
keywords	=	{Replications, Experiments, Empirical studies, Mapping study, Systematic literature review, Software engineering},
abstract	=	{Context
Two recent mapping studies which were intended to verify the current state of replication of empirical studies in Software Engineering (SE) identified two sets of studies: empirical studies actually reporting replications (published between 1994 and 2012) and a second group of studies that are concerned with definitions, classifications, processes, guidelines, and other research topics or themes about replication work in empirical software engineering research (published between 1996 and 2012).
Objective
In this current article, our goal is to analyze and discuss the contents of the second set of studies about replications to increase our understanding of the current state of the work on replication in empirical software engineering research.
Method
We applied the systematic literature review method to build a systematic mapping study, in which the primary studies were collected by two previous mapping studies covering the period 1996‚Äì2012 complemented by manual and automatic search procedures that collected articles published in 2013.
Results
We analyzed 37 papers reporting studies about replication published in the last 17years. These papers explore different topics related to concepts and classifications, presented guidelines, and discuss theoretical issues that are relevant for our understanding of replication in our field. We also investigated how these 37 papers have been cited in the 135 replication papers published between 1994 and 2012.
Conclusions
Replication in SE still lacks a set of standardized concepts and terminology, which has a negative impact on the replication work in our field. To improve this situation, it is important that the SE research community engage on an effort to create and evaluate taxonomy, frameworks, guidelines, and methodologies to fully support the development of replications.}}

@article{Gomez-2014-understanding-replication,
	Abstract = {Context
Replication plays an important role in experimental disciplines. There are still many uncertainties about how to proceed with replications of SE experiments. Should replicators reuse the baseline experiment materials? How much liaison should there be among the original and replicating experimenters, if any? What elements of the experimental configuration can be changed for the experiment to be considered a replication rather than a new experiment?
Objective
To improve our understanding of SE experiment replication, in this work we propose a classification which is intend to provide experimenters with guidance about what types of replication they can perform.
Method
The research approach followed is structured according to the following activities: (1) a literature review of experiment replication in SE and in other disciplines, (2) identification of typical elements that compose an experimental configuration, (3) identification of different replications purposes and (4) development of a classification of experiment replications for SE.
Results
We propose a classification of replications which provides experimenters in SE with guidance about what changes can they make in a replication and, based on these, what verification purposes such a replication can serve. The proposed classification helped to accommodate opposing views within a broader framework, it is capable of accounting for less similar replications to more similar ones regarding the baseline experiment.
Conclusion
The aim of replication is to verify results, but different types of replication serve special verification purposes and afford different degrees of change. Each replication type helps to discover particular experimental conditions that might influence the results. The proposed classification can be used to identify changes in a replication and, based on these, understand the level of verification.},
	Author = {Omar S. G{\'o}mez and Natalia Juristo and Sira Vegas},
	Doi = {https://doi.org/10.1016/j.infsof.2014.04.004},
	Issn = {0950-5849},
	Journal = {Information and Software Technology},
	Keywords = {Software engineering, Experimental software engineering, Experimentation, Replication},
	Number = {8},
	Pages = {1033 - 1048},
	Title = {Understanding replication of experiments in software engineering: A classification},
	Url = {http://www.sciencedirect.com/science/article/pii/S0950584914000858},
	Volume = {56},
	Year = {2014},
	Bdsk-File-1 = {YnBsaXN0MDDUAQIDBAUGJCVYJHZlcnNpb25YJG9iamVjdHNZJGFyY2hpdmVyVCR0b3ASAAGGoKgHCBMUFRYaIVUkbnVsbNMJCgsMDxJXTlMua2V5c1pOUy5vYmplY3RzViRjbGFzc6INDoACgAOiEBGABIAFgAdccmVsYXRpdmVQYXRoWWFsaWFzRGF0YV8QoS4uLy4uLy4uLy4uLy4uLy4uL0FwbGljYWNpb25lcy9UZXhwYWQvQXJ0aWN1bG9zL0V4cGVyaW1lbnRhbC1Qcm9jZXNzLUVTRS9MaXRlcmF0dXJlL0JhY2tncm91bmQtRVNFLVByb2JsZW1zLzA2LVVuZGVyc3RhbmRpbmctcmVwbGljYXRpb24tb2YtZXhwZXJpbWVudHMtaW4tU0UucGRm0hcLGBlXTlMuZGF0YU8RAqoAAAAAAqoAAgAADE1hY2ludG9zaCBIRAAAAAAAAAAAAAAAAAAAAAAAAABCRAAB/////x8wNi1VbmRlcnN0YW5kaW5nLXIjRkZGRkZGRkYucGRmAAAAAAAAAAAAAAAAAAAAAAAAAAAAAAAAAAAAAAAAAAD/////AAAAAAAAAAAAAAAAAAYABwAACiBjdQAAAAAAAAAAAAAAAAAXQmFja2dyb3VuZC1FU0UtUHJvYmxlbXMAAAIAqi86VXNlcnM6cm9kcmlmb25zaTpEcm9wYm94OkFwbGljYWNpb25lczpUZXhwYWQ6QXJ0aWN1bG9zOkV4cGVyaW1lbnRhbC1Qcm9jZXNzLUVTRTpMaXRlcmF0dXJlOkJhY2tncm91bmQtRVNFLVByb2JsZW1zOjA2LVVuZGVyc3RhbmRpbmctcmVwbGljYXRpb24tb2YtZXhwZXJpbWVudHMtaW4tU0UucGRmAA4AbAA1ADAANgAtAFUAbgBkAGUAcgBzAHQAYQBuAGQAaQBuAGcALQByAGUAcABsAGkAYwBhAHQAaQBvAG4ALQBvAGYALQBlAHgAcABlAHIAaQBtAGUAbgB0AHMALQBpAG4ALQBTAEUALgBwAGQAZgAPABoADABNAGEAYwBpAG4AdABvAHMAaAAgAEgARAASAKhVc2Vycy9yb2RyaWZvbnNpL0Ryb3Bib3gvQXBsaWNhY2lvbmVzL1RleHBhZC9BcnRpY3Vsb3MvRXhwZXJpbWVudGFsLVByb2Nlc3MtRVNFL0xpdGVyYXR1cmUvQmFja2dyb3VuZC1FU0UtUHJvYmxlbXMvMDYtVW5kZXJzdGFuZGluZy1yZXBsaWNhdGlvbi1vZi1leHBlcmltZW50cy1pbi1TRS5wZGYAEwABLwAAFQACABH//wAAgAbSGxwdHlokY2xhc3NuYW1lWCRjbGFzc2VzXU5TTXV0YWJsZURhdGGjHR8gVk5TRGF0YVhOU09iamVjdNIbHCIjXE5TRGljdGlvbmFyeaIiIF8QD05TS2V5ZWRBcmNoaXZlctEmJ1Ryb290gAEACAARABoAIwAtADIANwBAAEYATQBVAGAAZwBqAGwAbgBxAHMAdQB3AIQAjgEyATcBPwPtA+8D9AP/BAgEFgQaBCEEKgQvBDwEPwRRBFQEWQAAAAAAAAIBAAAAAAAAACgAAAAAAAAAAAAAAAAAAARb},
	Bdsk-Url-1 = {https://doi.org/10.1016/j.infsof.2014.04.004}}
	
@article{Carver-2014-Replications-of-SE,
	Acmid = {2592894},
	Address = {Hingham, MA, USA},
	Author = {Carver, Jeffrey C. and Juristo, Natalia and Baldassarre, Maria Teresa and Vegas, Sira},
	Doi = {10.1007/s10664-013-9290-8},
	Issn = {1382-3256},
	Issue_Date = {April 2014},
	Journal = {Empirical Softw. Engg.},
	Month = {apr},
	Number = {2},
	Numpages = {10},
	Pages = {267--276},
	Publisher = {Kluwer Academic Publishers},
	Title = {Replications of Software Engineering Experiments},
	Url = {http://dx.doi.org/10.1007/s10664-013-9290-8},
	Volume = {19},
	Year = {2014},
	Bdsk-File-1 = {YnBsaXN0MDDUAQIDBAUGJCVYJHZlcnNpb25YJG9iamVjdHNZJGFyY2hpdmVyVCR0b3ASAAGGoKgHCBMUFRYaIVUkbnVsbNMJCgsMDxJXTlMua2V5c1pOUy5vYmplY3RzViRjbGFzc6INDoACgAOiEBGABIAFgAdccmVsYXRpdmVQYXRoWWFsaWFzRGF0YV8QkS4uLy4uLy4uLy4uLy4uLy4uL0FwbGljYWNpb25lcy9UZXhwYWQvQXJ0aWN1bG9zL0V4cGVyaW1lbnRhbC1Qcm9jZXNzLUVTRS9MaXRlcmF0dXJlL0JhY2tncm91bmQtRVNFLVByb2JsZW1zLzA4LVJlcGxpY2F0aW9ucy1vZi1TRS1leHBlcmltZW50cy5wZGbSFwsYGVdOUy5kYXRhTxECagAAAAACagACAAAMTWFjaW50b3NoIEhEAAAAAAAAAAAAAAAAAAAAAAAAAEJEAAH/////HzA4LVJlcGxpY2F0aW9ucy1vZiNGRkZGRkZGRi5wZGYAAAAAAAAAAAAAAAAAAAAAAAAAAAAAAAAAAAAAAAAAAP////8AAAAAAAAAAAAAAAAABgAHAAAKIGN1AAAAAAAAAAAAAAAAABdCYWNrZ3JvdW5kLUVTRS1Qcm9ibGVtcwAAAgCaLzpVc2Vyczpyb2RyaWZvbnNpOkRyb3Bib3g6QXBsaWNhY2lvbmVzOlRleHBhZDpBcnRpY3Vsb3M6RXhwZXJpbWVudGFsLVByb2Nlc3MtRVNFOkxpdGVyYXR1cmU6QmFja2dyb3VuZC1FU0UtUHJvYmxlbXM6MDgtUmVwbGljYXRpb25zLW9mLVNFLWV4cGVyaW1lbnRzLnBkZgAOAEwAJQAwADgALQBSAGUAcABsAGkAYwBhAHQAaQBvAG4AcwAtAG8AZgAtAFMARQAtAGUAeABwAGUAcgBpAG0AZQBuAHQAcwAuAHAAZABmAA8AGgAMAE0AYQBjAGkAbgB0AG8AcwBoACAASABEABIAmFVzZXJzL3JvZHJpZm9uc2kvRHJvcGJveC9BcGxpY2FjaW9uZXMvVGV4cGFkL0FydGljdWxvcy9FeHBlcmltZW50YWwtUHJvY2Vzcy1FU0UvTGl0ZXJhdHVyZS9CYWNrZ3JvdW5kLUVTRS1Qcm9ibGVtcy8wOC1SZXBsaWNhdGlvbnMtb2YtU0UtZXhwZXJpbWVudHMucGRmABMAAS8AABUAAgAR//8AAIAG0hscHR5aJGNsYXNzbmFtZVgkY2xhc3Nlc11OU011dGFibGVEYXRhox0fIFZOU0RhdGFYTlNPYmplY3TSGxwiI1xOU0RpY3Rpb25hcnmiIiBfEA9OU0tleWVkQXJjaGl2ZXLRJidUcm9vdIABAAgAEQAaACMALQAyADcAQABGAE0AVQBgAGcAagBsAG4AcQBzAHUAdwCEAI4BIgEnAS8DnQOfA6QDrwO4A8YDygPRA9oD3wPsA+8EAQQEBAkAAAAAAAACAQAAAAAAAAAoAAAAAAAAAAAAAAAAAAAECw==},
	Bdsk-File-2 = {YnBsaXN0MDDUAQIDBAUGJCVYJHZlcnNpb25YJG9iamVjdHNZJGFyY2hpdmVyVCR0b3ASAAGGoKgHCBMUFRYaIVUkbnVsbNMJCgsMDxJXTlMua2V5c1pOUy5vYmplY3RzViRjbGFzc6INDoACgAOiEBGABIAFgAdccmVsYXRpdmVQYXRoWWFsaWFzRGF0YV8QkS4uLy4uLy4uLy4uLy4uLy4uL0FwbGljYWNpb25lcy9UZXhwYWQvQXJ0aWN1bG9zL0V4cGVyaW1lbnRhbC1Qcm9jZXNzLUVTRS9MaXRlcmF0dXJlL0JhY2tncm91bmQtRVNFLVByb2JsZW1zLzA4LVJlcGxpY2F0aW9ucy1vZi1TRS1leHBlcmltZW50cy5wZGbSFwsYGVdOUy5kYXRhTxECagAAAAACagACAAAMTWFjaW50b3NoIEhEAAAAAAAAAAAAAAAAAAAAAAAAAEJEAAH/////HzA4LVJlcGxpY2F0aW9ucy1vZiNGRkZGRkZGRi5wZGYAAAAAAAAAAAAAAAAAAAAAAAAAAAAAAAAAAAAAAAAAAP////8AAAAAAAAAAAAAAAAABgAHAAAKIGN1AAAAAAAAAAAAAAAAABdCYWNrZ3JvdW5kLUVTRS1Qcm9ibGVtcwAAAgCaLzpVc2Vyczpyb2RyaWZvbnNpOkRyb3Bib3g6QXBsaWNhY2lvbmVzOlRleHBhZDpBcnRpY3Vsb3M6RXhwZXJpbWVudGFsLVByb2Nlc3MtRVNFOkxpdGVyYXR1cmU6QmFja2dyb3VuZC1FU0UtUHJvYmxlbXM6MDgtUmVwbGljYXRpb25zLW9mLVNFLWV4cGVyaW1lbnRzLnBkZgAOAEwAJQAwADgALQBSAGUAcABsAGkAYwBhAHQAaQBvAG4AcwAtAG8AZgAtAFMARQAtAGUAeABwAGUAcgBpAG0AZQBuAHQAcwAuAHAAZABmAA8AGgAMAE0AYQBjAGkAbgB0AG8AcwBoACAASABEABIAmFVzZXJzL3JvZHJpZm9uc2kvRHJvcGJveC9BcGxpY2FjaW9uZXMvVGV4cGFkL0FydGljdWxvcy9FeHBlcmltZW50YWwtUHJvY2Vzcy1FU0UvTGl0ZXJhdHVyZS9CYWNrZ3JvdW5kLUVTRS1Qcm9ibGVtcy8wOC1SZXBsaWNhdGlvbnMtb2YtU0UtZXhwZXJpbWVudHMucGRmABMAAS8AABUAAgAR//8AAIAG0hscHR5aJGNsYXNzbmFtZVgkY2xhc3Nlc11OU011dGFibGVEYXRhox0fIFZOU0RhdGFYTlNPYmplY3TSGxwiI1xOU0RpY3Rpb25hcnmiIiBfEA9OU0tleWVkQXJjaGl2ZXLRJidUcm9vdIABAAgAEQAaACMALQAyADcAQABGAE0AVQBgAGcAagBsAG4AcQBzAHUAdwCEAI4BIgEnAS8DnQOfA6QDrwO4A8YDygPRA9oD3wPsA+8EAQQEBAkAAAAAAAACAQAAAAAAAAAoAAAAAAAAAAAAAAAAAAAECw==}}
	
@book{Juristo2001,
	Author = {Juristo, Natalia and Moreno, Ana M.},
	Institution = {Universidad Polit{\'e}cnica de Madrid},
	Isbn = {0-7923-7990-X},
	Publisher = {Kluwer Academic Publishers},
	Title = {Basics of Software Engineering Experimentation},
	Year = {2001}}
	
@book{Wohlin2000,
	Author = {Wohlin, Claes and Runeson, Per and H{\"o}st, Martin and Ohlsson, Magnus C. and Regnell, Bj{\"o}rn and Wessl{\'e}n, Anders},
	Institution = {Lund University Sweden},
	Isbn = {0-7923-8682-5},
	Publisher = {Kluwer Academic Publishers},
	Title = {Experimentation in software engineering An introduction},
	Year = {2000},
	Bdsk-File-1 = {YnBsaXN0MDDUAQIDBAUGJCVYJHZlcnNpb25YJG9iamVjdHNZJGFyY2hpdmVyVCR0b3ASAAGGoKgHCBMUFRYaIVUkbnVsbNMJCgsMDxJXTlMua2V5c1pOUy5vYmplY3RzViRjbGFzc6INDoACgAOiEBGABIAFgAdccmVsYXRpdmVQYXRoWWFsaWFzRGF0YV8QRy4uL01hdGVyaWFsQmlibGlvZ3JhZmljb1V0aWxpemFkby9MaWJyb3MvV29obGluL1Jlc3VtZW5MaWJyb1dvaGxpbi5kb2N40hcLGBlXTlMuZGF0YU8RAkAAAAAAAkAAAgAADE1hY2ludG9zaCBIRAAAAAAAAAAAAAAAAAAAAAAAAABCRAAB/////xdSZXN1bWVuTGlicm9Xb2hsaW4uZG9jeAAAAAAAAAAAAAAAAAAAAAAAAAAAAAAAAAAAAAAAAAAAAAAAAAAAAAD/////AAAAAAAAAAAAAAAAAAEABAAACiBjdQAAAAAAAAAAAAAAAAAGV29obGluAAIAmy86VXNlcnM6cm9kcmlmb25zaTpEcm9wYm94OkRvY3VtZW50b3M6RVNUVURJT1MtUE9TVEdSQURPOkRTU19VUE06cHJveWVjdG9UZXNpczpmdWVudGVzOk1hdGVyaWFsQmlibGlvZ3JhZmljb1V0aWxpemFkbzpMaWJyb3M6V29obGluOlJlc3VtZW5MaWJyb1dvaGxpbi5kb2N4AAAOADAAFwBSAGUAcwB1AG0AZQBuAEwAaQBiAHIAbwBXAG8AaABsAGkAbgAuAGQAbwBjAHgADwAaAAwATQBhAGMAaQBuAHQAbwBzAGgAIABIAEQAEgCZVXNlcnMvcm9kcmlmb25zaS9Ecm9wYm94L0RvY3VtZW50b3MvRVNUVURJT1MtUE9TVEdSQURPL0RTU19VUE0vcHJveWVjdG9UZXNpcy9mdWVudGVzL01hdGVyaWFsQmlibGlvZ3JhZmljb1V0aWxpemFkby9MaWJyb3MvV29obGluL1Jlc3VtZW5MaWJyb1dvaGxpbi5kb2N4AAATAAEvAAAVAAIAEf//AACABtIbHB0eWiRjbGFzc25hbWVYJGNsYXNzZXNdTlNNdXRhYmxlRGF0YaMdHyBWTlNEYXRhWE5TT2JqZWN00hscIiNcTlNEaWN0aW9uYXJ5oiIgXxAPTlNLZXllZEFyY2hpdmVy0SYnVHJvb3SAAQAIABEAGgAjAC0AMgA3AEAARgBNAFUAYABnAGoAbABuAHEAcwB1AHcAhACOANgA3QDlAykDKwMwAzsDRANSA1YDXQNmA2sDeAN7A40DkAOVAAAAAAAAAgEAAAAAAAAAKAAAAAAAAAAAAAAAAAAAA5c=}}
	
